
% Journals

% First the Full Name is given, then the abbreviation used in the AMS Math
% Reviews, with an indication if it could not be found there.
% Note the 2nd overwrites the 1st, so swap them if you want the full name.

 %{AMS}
 @String{AMSTrans = "American Mathematical Society Translations" }
 @String{AMSTrans = "Amer. Math. Soc. Transl." }
 @String{BullAMS = "Bulletin of the American Mathematical Society" }
 @String{BullAMS = "Bull. Amer. Math. Soc." }
 @String{ProcAMS = "Proceedings of the American Mathematical Society" }
 @String{ProcAMS = "Proc. Amer. Math. Soc." }
 @String{TransAMS = "Transactions of the American Mathematical Society" }
 @String{TransAMS = "Trans. Amer. Math. Soc." }

 %ACM
 @String{CACM = "Communications of the {ACM}" }
 @String{CACM = "Commun. {ACM}" }
 @String{CompServ = "Comput. Surveys" }
 @String{JACM = "J. ACM" }
 @String{ACMMathSoft = "{ACM} Transactions on Mathematical Software" }
 @String{ACMMathSoft = "{ACM} Trans. Math. Software" }
 @String{SIGNUM = "{ACM} {SIGNUM} Newsletter" }
 @String{SIGNUM = "{ACM} {SIGNUM} Newslett." }

 @String{AmerSocio = "American Journal of Sociology" }
 @String{AmerStatAssoc = "Journal of the American Statistical Association" }
 @String{AmerStatAssoc = "J. Amer. Statist. Assoc." }
 @String{ApplMathComp = "Applied Mathematics and Computation" }
 @String{ApplMathComp = "Appl. Math. Comput." }
 @String{AmerMathMonthly = "American Mathematical Monthly" }
 @String{AmerMathMonthly = "Amer. Math. Monthly" }
 @String{BIT = "{BIT}" }
 @String{BritStatPsych = "British Journal of Mathematical and Statistical
          Psychology" }
 @String{BritStatPsych = "Brit. J. Math. Statist. Psych." }
 @String{CanMathBull = "Canadian Mathematical Bulletin" }
 @String{CanMathBull = "Canad. Math. Bull." }
 @String{CompApplMath = "Journal of Computational and Applied Mathematics" }
 @String{CompApplMath = "J. Comput. Appl. Math." }
 @String{CompPhys = "Journal of Computational Physics" }
 @String{CompPhys = "J. Comput. Phys." }
 @String{CompStruct = "Computers and Structures" }
 @String{CompStruct = "Comput. \& Structures" }
 @String{CompJour = "The Computer Journal" }
 @String{CompJour = "Comput. J." }
 @String{CompSysSci = "Journal of Computer and System Sciences" }
 @String{CompSysSci = "J. Comput. System Sci." }
 @String{Computing = "Computing" }
 @String{ContempMath = "Contemporary Mathematics" }
 @String{ContempMath = "Contemp. Math." }
 @String{Crelle = "Crelle's Journal" }
 @String{GiornaleMath = "Giornale di Mathematiche" }
 @String{GiornaleMath = "Giorn. Mat." } % didn't find in AMS MR., ibid.

 %IEEE
 @String{Computer = "{IEEE} Computer" }
 @String{IEEETransComp = "{IEEE} Transactions on Computers" }
 @String{IEEETransComp = "{IEEE} Trans. Comput." }
 @String{IEEETransAC = "{IEEE} Transactions on Automatic Control" }
 @String{IEEETransAC = "{IEEE} Trans. Automat. Control" }
 @String{IEEESpec = "{IEEE} Spectrum" } % didn't find in AMS MR
 @String{ProcIEEE = "Proceedings of the {IEEE}" }
 @String{ProcIEEE = "Proc. {IEEE}" } % didn't find in AMS MR
 @String{IEEETransAeroElec = "{IEEE} Transactions on Aerospace and Electronic
     Systems" }
 @String{IEEETransAeroElec = "{IEEE} Trans. Aerospace Electron. Systems" }

 @String{IMANumerAna = "{IMA} Journal of Numerical Analysis" }
 @String{IMANumerAna = "{IMA} J. Numer. Anal." }
 @String{InfProcLet = "Information Processing Letters" }
 @String{InfProcLet = "Inform. Process. Lett." }
 @String{InstMathApp = "Journal of the Institute of Mathematics and
     its Applications" }
 @String{InstMathApp = "J. Inst. Math. Appl." }
 @String{IntControl = "International Journal of Control" }
 @String{IntControl = "Internat. J. Control" }
 @String{IntNumerEng = "International Journal for Numerical Methods in
     Engineering" }
 @String{IntNumerEng = "Internat. J. Numer. Methods Engrg." }
 @String{IntSuper = "International Journal of Supercomputing Applications" }
 @String{IntSuper = "Internat. J. Supercomputing Applic." } % didn't find
%% in AMS MR
 @String{Kibernetika = "Kibernetika" }
 @String{JResNatBurStand = "Journal of Research of the National Bureau
     of Standards" }
 @String{JResNatBurStand = "J. Res. Nat. Bur. Standards" }
 @String{LinAlgApp = "Linear Algebra and its Applications" }
 @String{LinAlgApp = "Linear Algebra Appl." }
 @String{MathAnaAppl = "Journal of Mathematical Analysis and Applications" }
 @String{MathAnaAppl = "J. Math. Anal. Appl." }
 @String{MathAnnalen = "Mathematische Annalen" }
 @String{MathAnnalen = "Math. Ann." }
 @String{MathPhys = "Journal of Mathematical Physics" }
 @String{MathPhys = "J. Math. Phys." }
 @String{MathComp = "Mathematics of Computation" }
 @String{MathComp = "Math. Comp." }
 @String{MathScand = "Mathematica Scandinavica" }
 @String{MathScand = "Math. Scand." }
 @String{TablesAidsComp = "Mathematical Tables and Other Aids to Computation" }
 @String{TablesAidsComp = "Math. Tables Aids Comput." }
 @String{NumerMath = "Numerische Mathematik" }
 @String{NumerMath = "Numer. Math." }
 @String{PacificMath = "Pacific Journal of Mathematics" }
 @String{PacificMath = "Pacific J. Math." }
 @String{ParDistComp = "Journal of Parallel and Distributed Computing" }
 @String{ParDistComp = "J. Parallel and Distrib. Comput." } % didn't find
%% in AMS MR
 @String{ParComputing = "Parallel Computing" }
 @String{ParComputing = "Parallel Comput." }
 @String{PhilMag = "Philosophical Magazine" }
 @String{PhilMag = "Philos. Mag." }
 @String{ProcNAS = "Proceedings of the National Academy of Sciences
                    of the USA" }
 @String{ProcNAS = "Proc. Nat. Acad. Sci. U. S. A." }
 @String{Psychometrika = "Psychometrika" }
 @String{QuartMath = "Quarterly Journal of Mathematics, Oxford, Series (2)" }
 @String{QuartMath = "Quart. J. Math. Oxford Ser. (2)" }
 @String{QuartApplMath = "Quarterly of Applied Mathematics" }
 @String{QuartApplMath = "Quart. Appl. Math." }
 @String{RevueInstStat = "Review of the International Statisical Institute" }
 @String{RevueInstStat = "Rev. Inst. Internat. Statist." }

 %SIAM
 @String{JSIAM = "Journal of the Society for Industrial and Applied
     Mathematics" }
 @String{JSIAM = "J. Soc. Indust. Appl. Math." }
 @String{JSIAMB = "Journal of the Society for Industrial and Applied
     Mathematics, Series B, Numerical Analysis" }
 @String{JSIAMB = "J. Soc. Indust. Appl. Math. Ser. B Numer. Anal." }
 @String{SIAMAlgMeth = "{SIAM} Journal on Algebraic and Discrete Methods" }
 @String{SIAMAlgMeth = "{SIAM} J. Algebraic Discrete Methods" }
 @String{SIAMAppMath = "{SIAM} Journal on Applied Mathematics" }
 @String{SIAMAppMath = "{SIAM} J. Appl. Math." }
 @String{SIAMComp = "{SIAM} Journal on Computing" }
 @String{SIAMComp = "{SIAM} J. Comput." }
 @String{SIAMMatrix = "{SIAM} Journal on Matrix Analysis and Applications" }
 @String{SIAMMatrix = "{SIAM} J. Matrix Anal. Appl." }
 @String{SIAMNumAnal = "{SIAM} Journal on Numerical Analysis" }
 @String{SIAMNumAnal = "{SIAM} J. Numer. Anal." }
 @String{SIAMReview = "{SIAM} Review" }
 @String{SIAMReview = "{SIAM} Rev." }
 @String{SIAMSciStat = "{SIAM} Journal on Scientific and Statistical
     Computing" }
 @String{SIAMSciStat = "{SIAM} J. Sci. Statist. Comput." }

 @String{SoftPracExp = "Software Practice and Experience" }
 @String{SoftPracExp = "Software Prac. Experience" } % didn't find in AMS MR
 @String{StatScience = "Statistical Science" }
 @String{StatScience = "Statist. Sci." }
 @String{Techno = "Technometrics" }
 @String{USSRCompMathPhys = "{USSR} Computational Mathematics and Mathematical
     Physics" }
 @String{USSRCompMathPhys = "{U. S. S. R.} Comput. Math. and Math. Phys." }
 @String{VLSICompSys = "Journal of {VLSI} and Computer Systems" }
 @String{VLSICompSys = "J. {VLSI} Comput. Syst." }
 @String{ZAngewMathMech = "Zeitschrift fur Angewandte Mathematik und
     Mechanik" }
 @String{ZAngewMathMech = "Z. Angew. Math. Mech." }
 @String{ZAngewMathPhys = "Zeitschrift fur Angewandte Mathematik und Physik" }
 @String{ZAngewMathPhys = "Z. Angew. Math. Phys." }

% Publishers % ================================================= |

 @String{Academic = "Academic Press" }
 @String{ACMPress = "{ACM} Press" }
 @String{AdamHilger = "Adam Hilger" }
 @String{AddisonWesley = "Addison-Wesley" }
 @String{AllynBacon = "Allyn and Bacon" }
 @String{AMS = "American Mathematical Society" }
 @String{Birkhauser = "Birkha{\"u}ser" }
 @String{CambridgePress = "Cambridge University Press" }
 @String{Chelsea = "Chelsea" }
 @String{ClaredonPress = "Claredon Press" }
 @String{DoverPub = "Dover Publications" }
 @String{Eyolles = "Eyolles" }
 @String{HoltRinehartWinston = "Holt, Rinehart and Winston" }
 @String{Interscience = "Interscience" }
 @String{JohnsHopkinsPress = "The Johns Hopkins University Press" }
 @String{JohnWileySons = "John Wiley and Sons" }
 @String{Macmillan = "Macmillan" }
 @String{MathWorks = "The Math Works Inc." }
 @String{McGrawHill = "McGraw-Hill" }
 @String{NatBurStd = "National Bureau of Standards" }
 @String{NorthHolland = "North-Holland" }
 @String{OxfordPress = "Oxford University Press" }  %address Oxford or London?
 @String{PergamonPress = "Pergamon Press" }
 @String{PlenumPress = "Plenum Press" }
 @String{PrenticeHall = "Prentice-Hall" }
 @String{SIAMPub = "{SIAM} Publications" }
 @String{Springer = "Springer-Verlag" }
 @String{TexasPress = "University of Texas Press" }
 @String{VanNostrand = "Van Nostrand" }
 @String{WHFreeman = "W. H. Freeman and Co." }

%

@Article{Tenne-Sens82,
  author        = "U. A. Tenne-Sens",
  title         = "Telidon graphics and applications",
  journal       = "Displays",
  volume        = "3",
  number        = "4",
  issn          = {0141-9382},
  year          = "1982",
  pages         = "197--206",
  doi           = "10.1016/0141-9382(82)90003-8",
  url           = "https://doi.org/10.1016/0141-9382(82)90003-8",
  note          = ""
}

 @Misc{boyko_1996, 
    url={https://www.friendsofcrc.ca/Projects/Telidon/Telidon.html}, 
    journal={Telidon}, 
    publisher={Friends of CRC}, 
    author={Boyko, 
    Cynthia}, 
    year={1996}, 
    month={Aug},
    lastaccessed={"January 20, 2023"}
} 

 @Article{miller_1983, 
    title={Videotex: Science Fiction or Reality?}, 
    volume={8}, 
    number={7}, 
    journal={Byte Magazine}, 
    author={Miller, Darby}, 
    year={1983}, 
    month={Jul}, 
    pages={42–59}
} 

@Book{alma_2017,
    author = {Mailland, Julien},
    address = {Cambridge, Massachusetts},
    booktitle = {Minitel : welcome to the Internet},
    isbn = {9780262036221},
    keywords = {1900-2099},
    language = {eng},
    lccn = {2016042225},
    publisher = {The MIT Press},
    series = {Platform studies},
    title = {Minitel : welcome to the Internet },
    year = {2017},
}

 @Article{hudson_1983, 
    title={Prestel: The Basis of an Evolving Videotex System}, 
    volume={8}, 
    number={7}, 
    journal={Byte Magazine}, 
    author={Hudson, Graham}, 
    year={1983}, 
    month={Jul}, 
    pages={60–81}
} 

@Book{alma_1985,
    address = {Toronto},
    booktitle = {Gutenberg Two},
    edition = {4th rev. ed.},
    isbn = {0888782330},
    keywords = {Mass media -- Social aspects -- Canada},
    language = {eng},
    lccn = {840915454},
    publisher = {Press Porcépic},
    title = {Gutenberg Two },
    year = {1985}
}

@Misc{durno, 
    place={Seattle}, 
    title={ The Lost Art of Telidon}, 
    url={https://www.youtube.com/watch?v=vQV9i8CFUUo}, 
    journal={VCF Pacific Northwest 2019}, 
    author={Durno, John},
    year =         "2019",
    month =        nov,
    lastaccessed = "December 30, 2022"
} 

@Misc{hampton_2018, 
    title={This Canadian dial-up art is older than the internet, and was long thought to be lost - until now}, 
    url={https://www.cbc.ca/arts/this-canadian-dial-up-art-is-older-than-the-internet-and-was-long-thought-to-be-lost-until-now-1.4662086}, 
    journal={CBCnews}, 
    publisher={CBC/Radio Canada}, 
    author={Hampton, Chris}, 
    year={2018}, 
    month={May},
    lastaccessed={"January 23, 2023"}
} 

@Misc{durno_2022, 
    title={Work}, 
    url={https://webapp.library.uvic.ca/jdurno/work.php}, 
    journal={John Durno | Work}, 
    author={Durno, John}, 
    year={2022}, 
    month={Jul},
    lastaccessed={"January 22, 2023"}
} 

@Misc{perry, 
    title={Wm. Perry resume}, 
    url={https://sites.google.com/view/billperry/home}, 
    journal={Google Sites}, 
    author={Perry, William},
    lastaccessed={"January 22, 2023"}
} 

@Misc{durno_trofimchuk_2015, 
    title={Digital Forensics on a shoestring: A case study from the University of Victoria}, 
    url={https://journal.code4lib.org/articles/10279}, 
    journal={Code4Lib Journal}, 
    author={Durno, John and Trofimchuk, Jerry}, 
    year={2015}, 
    month={Jan},
    lastaccessed={"January 22, 2023"}
} 

@Article{levi2011five,
  title={Five hundred 5.25-inch discs and one (finicky) machine: a report on a legacy e-records pilot project at the archives of Ontario},
  author={Levi, Charles},
  journal={Archivaria},
  pages={239--246},
  year={2011}
}

@Misc{hess_2008, 
    title={Tape Degradation Factors and Challenges in Predicting Tape Life}, 
    url={https://richardhess.com/tape/history/HESS_Tape_Degradation_ARSC_Journal_39-2.pdf}, 
    journal={Richard L. Hess}, 
    publisher={Journal XXXIV / ii 2008 Conference paper.}, 
    author={Hess, Richard L.}, 
    year={2008},
    lastaccessed={"January 26, 2023"}
} 

@Misc{ciletti_1998, 
    title={If I Knew You Were Coming I’d Have Baked A Tape!}, 
    url={http://www.tangible-technology.com/tape/baking1.html}, 
    journal={Analog tape restoration}, 
    author={Ciletti, Eddie}, 
    year={1998},
    lastaccessed={"January 26, 2023"}
} 

@Misc{rarey_1995, 
    title={Baking Old Tapes is a Recipe for Success}, 
    url={https://web.archive.org/web/20110716143343/http://www.airmedia.org/PageInfo.php?PageID=197}, 
    journal={Air Media}, 
    publisher={Radio College}, 
    author={Rarey, Rich}, 
    year={1995}, 
    month={Oct},
    lastaccessed={"January 26, 2023"}
}

@Misc{durno_gallery, 
    title={The averted eye sees: The life and work of Glenn Howarth}, 
    url={https://legacy.uvic.ca/gallery/howarth/computer-graphic-art/restoring-howarths-telidon-art/}, 
    publisher={University of Victoria Legacy Art Galleries}, 
    author={Durno, John},
    day={26},
    year={2021},
    month={July},
    lastaccessed={"January 20, 2023"}
}

@Misc{tap, 
    title={Teldion Art Project},
    url={https://sites.google.com/view/telidonartproject/home}, 
    journal={Telidon Archive Project},
    lastaccessed = "January 22, 2023",
    year={n.d}
} 