
% Journals

% First the Full Name is given, then the abbreviation used in the AMS Math
% Reviews, with an indication if it could not be found there.
% Note the 2nd overwrites the 1st, so swap them if you want the full name.

 %{AMS}
 @String{AMSTrans = "American Mathematical Society Translations" }
 @String{AMSTrans = "Amer. Math. Soc. Transl." }
 @String{BullAMS = "Bulletin of the American Mathematical Society" }
 @String{BullAMS = "Bull. Amer. Math. Soc." }
 @String{ProcAMS = "Proceedings of the American Mathematical Society" }
 @String{ProcAMS = "Proc. Amer. Math. Soc." }
 @String{TransAMS = "Transactions of the American Mathematical Society" }
 @String{TransAMS = "Trans. Amer. Math. Soc." }

 %ACM
 @String{CACM = "Communications of the {ACM}" }
 @String{CACM = "Commun. {ACM}" }
 @String{CompServ = "Comput. Surveys" }
 @String{JACM = "J. ACM" }
 @String{ACMMathSoft = "{ACM} Transactions on Mathematical Software" }
 @String{ACMMathSoft = "{ACM} Trans. Math. Software" }
 @String{SIGNUM = "{ACM} {SIGNUM} Newsletter" }
 @String{SIGNUM = "{ACM} {SIGNUM} Newslett." }

 @String{AmerSocio = "American Journal of Sociology" }
 @String{AmerStatAssoc = "Journal of the American Statistical Association" }
 @String{AmerStatAssoc = "J. Amer. Statist. Assoc." }
 @String{ApplMathComp = "Applied Mathematics and Computation" }
 @String{ApplMathComp = "Appl. Math. Comput." }
 @String{AmerMathMonthly = "American Mathematical Monthly" }
 @String{AmerMathMonthly = "Amer. Math. Monthly" }
 @String{BIT = "{BIT}" }
 @String{BritStatPsych = "British Journal of Mathematical and Statistical
          Psychology" }
 @String{BritStatPsych = "Brit. J. Math. Statist. Psych." }
 @String{CanMathBull = "Canadian Mathematical Bulletin" }
 @String{CanMathBull = "Canad. Math. Bull." }
 @String{CompApplMath = "Journal of Computational and Applied Mathematics" }
 @String{CompApplMath = "J. Comput. Appl. Math." }
 @String{CompPhys = "Journal of Computational Physics" }
 @String{CompPhys = "J. Comput. Phys." }
 @String{CompStruct = "Computers and Structures" }
 @String{CompStruct = "Comput. \& Structures" }
 @String{CompJour = "The Computer Journal" }
 @String{CompJour = "Comput. J." }
 @String{CompSysSci = "Journal of Computer and System Sciences" }
 @String{CompSysSci = "J. Comput. System Sci." }
 @String{Computing = "Computing" }
 @String{ContempMath = "Contemporary Mathematics" }
 @String{ContempMath = "Contemp. Math." }
 @String{Crelle = "Crelle's Journal" }
 @String{GiornaleMath = "Giornale di Mathematiche" }
 @String{GiornaleMath = "Giorn. Mat." } % didn't find in AMS MR., ibid.

 %IEEE
 @String{Computer = "{IEEE} Computer" }
 @String{IEEETransComp = "{IEEE} Transactions on Computers" }
 @String{IEEETransComp = "{IEEE} Trans. Comput." }
 @String{IEEETransAC = "{IEEE} Transactions on Automatic Control" }
 @String{IEEETransAC = "{IEEE} Trans. Automat. Control" }
 @String{IEEESpec = "{IEEE} Spectrum" } % didn't find in AMS MR
 @String{ProcIEEE = "Proceedings of the {IEEE}" }
 @String{ProcIEEE = "Proc. {IEEE}" } % didn't find in AMS MR
 @String{IEEETransAeroElec = "{IEEE} Transactions on Aerospace and Electronic
     Systems" }
 @String{IEEETransAeroElec = "{IEEE} Trans. Aerospace Electron. Systems" }

 @String{IMANumerAna = "{IMA} Journal of Numerical Analysis" }
 @String{IMANumerAna = "{IMA} J. Numer. Anal." }
 @String{InfProcLet = "Information Processing Letters" }
 @String{InfProcLet = "Inform. Process. Lett." }
 @String{InstMathApp = "Journal of the Institute of Mathematics and
     its Applications" }
 @String{InstMathApp = "J. Inst. Math. Appl." }
 @String{IntControl = "International Journal of Control" }
 @String{IntControl = "Internat. J. Control" }
 @String{IntNumerEng = "International Journal for Numerical Methods in
     Engineering" }
 @String{IntNumerEng = "Internat. J. Numer. Methods Engrg." }
 @String{IntSuper = "International Journal of Supercomputing Applications" }
 @String{IntSuper = "Internat. J. Supercomputing Applic." } % didn't find
%% in AMS MR
 @String{Kibernetika = "Kibernetika" }
 @String{JResNatBurStand = "Journal of Research of the National Bureau
     of Standards" }
 @String{JResNatBurStand = "J. Res. Nat. Bur. Standards" }
 @String{LinAlgApp = "Linear Algebra and its Applications" }
 @String{LinAlgApp = "Linear Algebra Appl." }
 @String{MathAnaAppl = "Journal of Mathematical Analysis and Applications" }
 @String{MathAnaAppl = "J. Math. Anal. Appl." }
 @String{MathAnnalen = "Mathematische Annalen" }
 @String{MathAnnalen = "Math. Ann." }
 @String{MathPhys = "Journal of Mathematical Physics" }
 @String{MathPhys = "J. Math. Phys." }
 @String{MathComp = "Mathematics of Computation" }
 @String{MathComp = "Math. Comp." }
 @String{MathScand = "Mathematica Scandinavica" }
 @String{MathScand = "Math. Scand." }
 @String{TablesAidsComp = "Mathematical Tables and Other Aids to Computation" }
 @String{TablesAidsComp = "Math. Tables Aids Comput." }
 @String{NumerMath = "Numerische Mathematik" }
 @String{NumerMath = "Numer. Math." }
 @String{PacificMath = "Pacific Journal of Mathematics" }
 @String{PacificMath = "Pacific J. Math." }
 @String{ParDistComp = "Journal of Parallel and Distributed Computing" }
 @String{ParDistComp = "J. Parallel and Distrib. Comput." } % didn't find
%% in AMS MR
 @String{ParComputing = "Parallel Computing" }
 @String{ParComputing = "Parallel Comput." }
 @String{PhilMag = "Philosophical Magazine" }
 @String{PhilMag = "Philos. Mag." }
 @String{ProcNAS = "Proceedings of the National Academy of Sciences
                    of the USA" }
 @String{ProcNAS = "Proc. Nat. Acad. Sci. U. S. A." }
 @String{Psychometrika = "Psychometrika" }
 @String{QuartMath = "Quarterly Journal of Mathematics, Oxford, Series (2)" }
 @String{QuartMath = "Quart. J. Math. Oxford Ser. (2)" }
 @String{QuartApplMath = "Quarterly of Applied Mathematics" }
 @String{QuartApplMath = "Quart. Appl. Math." }
 @String{RevueInstStat = "Review of the International Statisical Institute" }
 @String{RevueInstStat = "Rev. Inst. Internat. Statist." }

 %SIAM
 @String{JSIAM = "Journal of the Society for Industrial and Applied
     Mathematics" }
 @String{JSIAM = "J. Soc. Indust. Appl. Math." }
 @String{JSIAMB = "Journal of the Society for Industrial and Applied
     Mathematics, Series B, Numerical Analysis" }
 @String{JSIAMB = "J. Soc. Indust. Appl. Math. Ser. B Numer. Anal." }
 @String{SIAMAlgMeth = "{SIAM} Journal on Algebraic and Discrete Methods" }
 @String{SIAMAlgMeth = "{SIAM} J. Algebraic Discrete Methods" }
 @String{SIAMAppMath = "{SIAM} Journal on Applied Mathematics" }
 @String{SIAMAppMath = "{SIAM} J. Appl. Math." }
 @String{SIAMComp = "{SIAM} Journal on Computing" }
 @String{SIAMComp = "{SIAM} J. Comput." }
 @String{SIAMMatrix = "{SIAM} Journal on Matrix Analysis and Applications" }
 @String{SIAMMatrix = "{SIAM} J. Matrix Anal. Appl." }
 @String{SIAMNumAnal = "{SIAM} Journal on Numerical Analysis" }
 @String{SIAMNumAnal = "{SIAM} J. Numer. Anal." }
 @String{SIAMReview = "{SIAM} Review" }
 @String{SIAMReview = "{SIAM} Rev." }
 @String{SIAMSciStat = "{SIAM} Journal on Scientific and Statistical
     Computing" }
 @String{SIAMSciStat = "{SIAM} J. Sci. Statist. Comput." }

 @String{SoftPracExp = "Software Practice and Experience" }
 @String{SoftPracExp = "Software Prac. Experience" } % didn't find in AMS MR
 @String{StatScience = "Statistical Science" }
 @String{StatScience = "Statist. Sci." }
 @String{Techno = "Technometrics" }
 @String{USSRCompMathPhys = "{USSR} Computational Mathematics and Mathematical
     Physics" }
 @String{USSRCompMathPhys = "{U. S. S. R.} Comput. Math. and Math. Phys." }
 @String{VLSICompSys = "Journal of {VLSI} and Computer Systems" }
 @String{VLSICompSys = "J. {VLSI} Comput. Syst." }
 @String{ZAngewMathMech = "Zeitschrift fur Angewandte Mathematik und
     Mechanik" }
 @String{ZAngewMathMech = "Z. Angew. Math. Mech." }
 @String{ZAngewMathPhys = "Zeitschrift fur Angewandte Mathematik und Physik" }
 @String{ZAngewMathPhys = "Z. Angew. Math. Phys." }

% Publishers % ================================================= |

 @String{Academic = "Academic Press" }
 @String{ACMPress = "{ACM} Press" }
 @String{AdamHilger = "Adam Hilger" }
 @String{AddisonWesley = "Addison-Wesley" }
 @String{AllynBacon = "Allyn and Bacon" }
 @String{AMS = "American Mathematical Society" }
 @String{Birkhauser = "Birkha{\"u}ser" }
 @String{CambridgePress = "Cambridge University Press" }
 @String{Chelsea = "Chelsea" }
 @String{ClaredonPress = "Claredon Press" }
 @String{DoverPub = "Dover Publications" }
 @String{Eyolles = "Eyolles" }
 @String{HoltRinehartWinston = "Holt, Rinehart and Winston" }
 @String{Interscience = "Interscience" }
 @String{JohnsHopkinsPress = "The Johns Hopkins University Press" }
 @String{JohnWileySons = "John Wiley and Sons" }
 @String{Macmillan = "Macmillan" }
 @String{MathWorks = "The Math Works Inc." }
 @String{McGrawHill = "McGraw-Hill" }
 @String{NatBurStd = "National Bureau of Standards" }
 @String{NorthHolland = "North-Holland" }
 @String{OxfordPress = "Oxford University Press" }  %address Oxford or London?
 @String{PergamonPress = "Pergamon Press" }
 @String{PlenumPress = "Plenum Press" }
 @String{PrenticeHall = "Prentice-Hall" }
 @String{SIAMPub = "{SIAM} Publications" }
 @String{Springer = "Springer-Verlag" }
 @String{TexasPress = "University of Texas Press" }
 @String{VanNostrand = "Van Nostrand" }
 @String{WHFreeman = "W. H. Freeman and Co." }

%


@Article{BrownH.G.1979TANA,
    author = {Brown, H. G. and O'Brien, C. D. and Sawchuk, W. and Storey, J.},
    issn = {0098-3063},
    journal = {IEEE transactions on consumer electronics},
    keywords = {Bandwidth ; Digital video broadcasting ; Displays ; Graphics ; Information technology ; Interactive systems ; Protocols ; Telephony ; TV broadcasting ; Videotex},
    language = {eng},
    number = {3},
    pages = {256-268},
    publisher = {IEEE},
    title = {Telidon: A New Approach to Videotex System Design},
    volume = {CE-25},
    year = {1979},
    doi = {https://doi.org/10.1109/TCE.1979.273222}
}

@Article{BrownH.1981T-Ar,
    issn = {0163-6804},
    journal = {IEEE communications magazine},
    keywords = {Computer displays ; Decoding ; Image resolution ; Image storage ; Signal resolution ; Space technology},
    language = {eng},
    number = {1},
    pages = {22-28},
    publisher = {IEEE},
    title = {TELIDON - A Review},
    volume = {19},
    year = {1981},
    author = {Brown, H. and Sawchuk, W.},
    doi = {https://doi.org/10.1109/MCOM.1981.1090448}
}

@Inbook{godfrey_chang_1983, 
    place={Victoria, BC}, 
    title={Storing Pages}, 
    booktitle={The Telidon Book}, 
    publisher={Press Percepic Ltd.}, 
    author={Godfrey, D. and Chang, E.}, 
    year={1983}, 
    pages={179–202},
    chapter= {7}
}  

@Inbook{godfrey_chang_hitchcock_viszlai_1983, 
    place={Victoria, BC}, 
    title={Storing Pages}, 
    booktitle={The Telidon Book}, 
    publisher={Press Percepic Ltd.}, 
    author={Godfrey, D. and Chang, E. and Hitchcock, Peter and Viszlai, John},
    year={1983}, 
    pages={179–202},
    chapter = {8}
} 

@Article{NinkeW.H.1985DcoN,
    copyright = {Copyright 2015 Elsevier B.V., All rights reserved.},
    issn = {0018-9219},
    journal = {Proceedings of the IEEE},
    keywords = {Applied sciences ; Exact sciences and technology ; Graphics ; Information retrieval ; Logic ; North America ; Services and terminals of telecommunications ; Spatial databases ; Systems, networks and services of telecommunications ; Telecommunications ; Telecommunications and information theory ; Telegraphy. Telex ; Telephony ; Teletext ; TV broadcasting ; User interfaces ; Videotex},
    language = {eng},
    number = {4},
    pages = {740-753},
    publisher = {IEEE},
    title = {Design Considerations of NAPLPS, The Data Syntax for VIDEOTEX and TELETEXT in North America},
    volume = {73},
    year = {1985},
    author = {Ninke, W.H.},
    address = {New York, NY},
    doi = {https://doi.org/10.1109/PROC.1985.13197}
}

@Inbook{delve_anderson_mitcham_2014, 
    title={Preservation of Digital Objects at the Archaeology Data Service}, 
    booktitle={Preserving Complex Digital Objects}, 
    publisher={Facet Publishing}, 
    author={Delve, Janet and Anderson, David and Mitcham, Jenny}, 
    year={2014}, 
    pages={49–62},
    chapter = {5}
} 

@Inbook{delve_anderson_hong_2014, 
    title={Digital Preservation and Curation: The Danger of Overlooking Software}, 
    booktitle={Preserving Complex Digital Objects}, 
    publisher={Facet Publishing}, 
    author={Delve, Janet and Anderson, David and Hong, Neil Chu}, 
    year={2014}, 
    pages={111–124}, 
    chapter = {9}
} 


@Article{durno_2019, 
    title={Videotex Art Restoration: Technical and Conceptual Challenges}, 
    journal={16th International Conference on Digital Preservation}, 
    author={Durno, John}, 
    year={2019}
} 

@Misc{edwards_2014, 
    title={Where Online Services Go When They Die}, 
    url={https://www.theatlantic.com/technology/archive/2014/07/where-online-services-go-when-they-die/374099/}, 
    journal={The Atlantic}, 
    publisher={Atlantic Media Company}, 
    author={Edwards, Benj}, 
    year={2014}, 
    month={06},
    lastaccessed = "February 6, 2023",
}

@Misc{parrish_2022, 
    title={Habitat for Humanity: How a Classic MMO got a Second Life}, 
    url={https://www.theverge.com/23025168/habitat-for-humanity-mmo-game}, 
    journal={The Verge}, 
    author={Parrish, Ash}, 
    year={2022}, 
    month={04},
    lastaccessed = "February 12, 2023",
} 

@Inproceedings{QuiliciAlex1995Reol,
    isbn = {9780897917087},
    issn = {0270-5257},
    keywords = {Reverse engineering ; Software engineering},
    language = {eng},
    pages = {333-336},
    publisher = {ACM},
    series = {ICSE '95},
    title = {Reverse Engineering of Legacy Systems: a Path Toward Success},
    year = {1995},
    author = {Quilici, Alex},
    booktitle = {1995 17th International Conference on Software Engineering},
    doi = {https://doi.org/10.1145/225014.225046}
}

@Book{alma991028054891704336,
    edition = {1st ed. 2014.},
    isbn = {3-658-05270-8},
    keywords = {Software engineering},
    language = {eng},
    publisher = {Springer Fachmedien Wiesbaden},
    title = {Model-Driven Software Migration: A Methodology Reengineering, Recovery and Modernization of Legacy Systems },
    year = {2014},
    author = {Wagner, Christian.},
    address = {Wiesbaden},
    booktitle = {Model-Driven Software Migration: A Methodology Reengineering, Recovery and Modernization of Legacy Systems},
    doi = {https://doi.org/10.1007/978-3-658-05270-6}
}
